% Encoding: UTF-8

@Article{Saurkar2018,
  author  = {Saurkar, Anand V and Pathare, Kedar G and Gode, Shweta A},
  title   = {An overview on web scraping techniques and tools},
  number  = {4},
  pages   = {363--367},
  url     = {http://www.ijfrcsce.org/index.php/ijfrcsce/article/view/1529},
  volume  = {4},
  journal = {International Journal on Future Revolution in Computer Science \& Communication Engineering},
  year    = {2018},
}

@Article{Institute2020,
  author = {Insurance Information Institute},
  date   = {2020-01-06},
  title  = {Background on: Insurtech},
  url    = {https://www.iii.org/article/background-on-insurtech},
}

@Article{InsuranceCommissioners2021,
  author = {National Association of Insurance Commissioners},
  date   = {2021-08-25},
  title  = {INSURTECH},
  url    = {https://content.naic.org/cipr_topics/topic_insurtech.htm},
}

@InProceedings{inproceedings,
  author = {Grima, Simon},
  title  = {The Impact of Technology Innovations on the Governance of Insurance Firms: A Literature Review 44 The Impact of Technology Innovations on the Governance of Insurance Firms: A Literature Review},
  month  = {04},
  year   = {2019},
}

@Comment{jabref-meta: databaseType:biblatex;}
